@Inbook{1,
author="Gross, Markus
and Sumner, Robert W.
and Th{\"u}rey, Nils",
editor="Konsorski-Lang, Silke
and Hampe, Michael",
title="The Design and Development of Computer Games",
bookTitle="The Design of Material, Organism, and Minds: Different Understandings of Design",
year="2010",
publisher="Springer Berlin Heidelberg",
address="Berlin, Heidelberg",
pages="39--51",
isbn="978-3-540-69002-3",
doi="10.1007/978-3-540-69002-3_4",
url="https://doi.org/10.1007/978-3-540-69002-3_4"
}


@misc{2,
    author = "Mark Langshaw",
    title = "Feature: The History Of Mobile Gaming",
    howpublished = "\url{https://www.digitalspy.com/videogames/a313439/feature-the-history-of-mobile-gaming/}",
}