https://plarium.com/en/blog/the-first-video-game/#:~:text=According%20to%20some%2C%20the%20first%20video%20game%20ever,and%20was%20displayed%20in%20the%20Canadian%20National%20Exhibition

https://funender.com/gaming/development-of-computer-games.html

https://link.springer.com/chapter/10.1007/978-3-540-69002-3_4

https://www.digitalspy.com/videogames/a313439/feature-the-history-of-mobile-gaming/