https://plarium.com/en/blog/the-first-video-game/#:~:text=According%20to%20some%2C%20the%20first%20video%20game%20ever,and%20was%20displayed%20in%20the%20Canadian%20National%20Exhibition

https://funender.com/gaming/development-of-computer-games.html

